@misc{bib:mv,
 title={【Linuxコマンド】mvでファイル・ディレクトリを移動する方法},
 author={侍エンジニア編集部},
 note={\url{https://www.sejuku.net/blog/49611}}
 }
@misc{bib:cp,
 title={ファイルやディレクトリをコピーするcpコマンドの使い方！【Linuxコマンド集】},
 author={リスキルテクノロジー},
 note={\url{https://eng-entrance.com/linux_command_cp}}
 }
@misc{bib:cp-r,
 title={【Linux】cpコマンドでディレクトリを再帰的にコピーする方法},
 author={IT技術ライフ},
 note={\url{https://eng-entrance.com/linux_command_cp}}
 }